@article{全权2020低空无人机交通管理概览与建议,
  title={低空无人机交通管理概览与建议},
  author={全权 and 李刚 and 柏艺琴 and 付饶 and 李梦芯 and 柯晨旭 and 蔡开元},
  journal={航空学报},
  volume={041},
  number={001},
  pages={1-29},
  year={2020},
}
@inproceedings{2019Path,
  title={Path Planning Algorithm to Enable Low Altitude Delivery Drones at the City Scale},
  author={ Chatterjee, A.  and  Reza, H. },
  booktitle={6th Annual Conf. on Computational Science \& Computational Intelligence},
  year={2019},
}